<record><leader>00000cas a22000007a 4500</leader><controlfield tag="001">10555410</controlfield><controlfield tag="008">840323d19001910ohuwr ne      0    0hun d</controlfield><datafield ind1=" " ind2=" " tag="010"><subfield code="a">sn 84028157 </subfield></datafield><datafield ind1=" " ind2=" " tag="040"><subfield code="a">NPY</subfield><subfield code="b">eng</subfield><subfield code="c">NPY</subfield><subfield code="d">OCLCQ</subfield></datafield><datafield ind1=" " ind2=" " tag="042"><subfield code="a">msc</subfield></datafield><datafield ind1="0" ind2="0" tag="245"><subfield code="a">Magyar hirmondo&#769; =</subfield><subfield code="b">Hungarian news.</subfield></datafield><datafield ind1="3" ind2="1" tag="246"><subfield code="a">Hungarian news</subfield></datafield><datafield ind1=" " ind2=" " tag="260"><subfield code="a">Cleveland [Ohio] :</subfield><subfield code="b">Hungarian News Pub. Co.,</subfield><subfield code="c">1900-</subfield></datafield><datafield ind1=" " ind2=" " tag="300"><subfield code="a">v. :</subfield><subfield code="b">ill. ;</subfield><subfield code="c">54 cm.</subfield></datafield><datafield ind1=" " ind2=" " tag="310"><subfield code="a">Weekly</subfield></datafield><datafield ind1="0" ind2=" " tag="362"><subfield code="a">1 e&#769;vf., 1. sz. (1900 a&#769;pr., 5.)-</subfield></datafield><datafield ind1="1" ind2=" " tag="362"><subfield code="a">Ceased in 1910?</subfield></datafield><datafield ind1=" " ind2=" " tag="500"><subfield code="a">Published on Thursday.</subfield></datafield><datafield ind1=" " ind2=" " tag="500"><subfield code="a">Editor: Baracs Henrik.</subfield></datafield><datafield ind1=" " ind2=" " tag="525"><subfield code="a">Supplements accompany some issues.</subfield></datafield><datafield ind1=" " ind2=" " tag="546"><subfield code="a">In Hungarian.</subfield></datafield><datafield ind1="1" ind2=" " tag="700"><subfield code="a">Baracs, Henrik.</subfield></datafield><datafield ind1=" " ind2=" " tag="752"><subfield code="a">United States</subfield><subfield code="b">Ohio</subfield><subfield code="c">Cuyahoga</subfield><subfield code="d">Cleveland.</subfield></datafield><datafield ind1="0" ind2="4" tag="785"><subfield code="t">Szabadsa&#769;g (Cleveland, Ohio : 1910)</subfield><subfield code="w">(DLC)sn 83030413</subfield></datafield><datafield ind1="1" ind2=" " tag="029"><subfield code="a">AU@</subfield><subfield code="b">000025792462</subfield></datafield></record>